@misc
{	wiki:plag,
	author = "Wikipedia",
	title = "Plagiat --- {W}ikipedia{,} Die freie Enzyklopädie",
	year = "2011",
	url = "http://de.wikipedia.org/w/index.php?title=Plagiat&oldid=86126001",
	note = "[Online; Stand 7. März 2011]"
 }
@misc
{ 	wiki:cgi.pm,
	author = "Wikipedia",
	title = "CGI.pm --- {W}ikipedia{,} The Free Encyclopedia",
	year = "2010",
	url = "http://en.wikipedia.org/w/index.php?title=CGI.pm&oldid=337512135",
	note = "[Online; accessed 6-November-2010]"
}
@misc
{ 	wiki:email,
	author = "Wikipedia",
	title = "Email --- {W}ikipedia{,} The Free Encyclopedia",
	year = "2010",
	url = "http://en.wikipedia.org/w/index.php?title=Email&oldid=394162718",
	note = "[Online; accessed 7-November-2010]"
}
@misc
{ 	wiki:at,
	author = "Wikipedia",
	title = "At (Unix) --- {W}ikipedia{,} The Free Encyclopedia",
	year = "2010",
	url = "http://en.wikipedia.org/w/index.php?title=At_(Unix)&oldid=386600938",
	note = "[Online; accessed 7-November-2010]"
}
@misc
{	cpan:log4perl,
	author = "Mike Schilli and Kevin Goess",
	title = "Log::Log4perl",
	year = "2009",
	url = "http://search.cpan.org/~mschilli/Log-Log4perl-1.31/lib/Log/Log4perl.pm"
}
@book
{
	Schwartz,
	author = "Randal L. Schwartz",
	title = "Einführung in Perl",
	publisher = "O'Reilly",
	year = "1996",
	isbn = "3-930673-08-8",
}