@misc{BetaDistribution,
  author = {Wikipedia},
  title = {Beta distribution},
  year = 2017,
  url = {https://en.wikipedia.org/wiki/Beta_distribution},
  urldate = {2017-04-22}
}